<?xml version="1.0" encoding="UTF-8"?><collection xmlns="http://www.loc.gov/MARC21/slim"><record><leader>00413nam--2200133-i-4500</leader><controlfield tag="001">000017851</controlfield><controlfield tag="002">20161230</controlfield><controlfield tag="005">20161230201032</controlfield><controlfield tag="008">060222s1000------------r-----000-0-eng-d</controlfield><datafield ind1=" " ind2=" " tag="080"><subfield code="a">389(061.3)</subfield></datafield><datafield ind1=" " ind2=" " tag="245"><subfield code="a">Berichte der iii. internationalen konferenz fur messtechnik und geratebau</subfield></datafield><datafield ind1=" " ind2=" " tag="260"><subfield code="a">Budapest, Ungarischer Wissenschaftlicher Verein Fur Messtechnikk, 1965 725 P</subfield></datafield><datafield ind1=" " ind2=" " tag="490"><subfield code="a">Acta Imeco 1964</subfield></datafield><datafield ind1=" " ind2=" " tag="852"><subfield code="a">76115</subfield></datafield></record></collection>